@MANUAL{ok:nag,
	AUTHOR		=	"Olaf Kirch",
	TITLE		=	"The Linux Network Administrators' Guide",
	ORGANIZATION	=	"Linux Documentation Project",
	YEAR		=	"1994"
}

@MANUAL{dr:tlk,
	AUTHOR		=	"David A. Rusling",
	TITLE		=	"The Linux Kernel",
	ORGANIZATION	=	"Linux Documentation Project",
	YEAR		=	"1996-1998"
}

@MANUAL{tbgm:ghrm,
	AUTHOR		=	"Thomas Bushnell and Gordon Matzigkeit",
	TITLE		=	"The GNU Hurd Reference Manual",
	ORGANIZATION	=	"Free Software Foundation, Inc.",
	YEAR		=	"1994-1998"
}

@MANUAL{ogp:eafitos,
	AUTHOR		=	"Omar García Palencia",
	TITLE		=	"EAFITOS, una herramienta para aprender Sistemas Operativos",
	ORGANIZATION	=	"Universidad EAFIT de Medellín (Colombia)",
	YEAR		=	"1995-1998"
}

@BOOK{ch:tcpip,
	AUTHOR		=	"Craig Hunt",
	EDITOR		=	"Mike Loukides",
	TITLE		=	"TCP/IP Network Administration",
	PUBLISHER	=	"O'Reilly and Associates",
	YEAR		=	"1992"
}

@BOOK{mjb:tdus,
	AUTHOR		=	"M. J. Bach",
	TITLE		=	"The design of the UNIX System",
	PUBLISHER	=	"Prentice Hall",
	YEAR		=	"1986"
}

@BOOK{ast:osdi,
	AUTHOR		=	"Andrew S. Tanenbaum",
	TITLE		=	"Operating Systems, Design and Implementation",
	PUBLISHER	=	"Prentice Hall",
	YEAR		=	"1987"
}
